@misc{cisco-vni,
author = {Cisco},
title = {Cisco Visual Networking Index: Global Mobile Data Traffic Forecast Update},
year = {2014},
note = {\url{http://www.cisco.com/c/en/us/solutions/collateral/service-provider/visual-networking-index-vni/white_paper_c11-520862.pdf}}
}

@misc{citrix-stall,
author = {Citrix},
title = {Mobile Analytics Report},
year = {2014},
note= {\url{http://www.citrix.com/content/dam/citrix/en_us/documents/products-solutions/mobile-analytics-report-feb-2014.pdf?accessmode=direct}},
}

@misc{opera-stall,
author={Opera Software},
title={{Mobile operators and their customers still struggling with video stalling}},
year={2014},
note={\url{http://www.operasoftware.com/press/releases/mobile/2014-02-24-2}}
}

@inproceedings{Festive,
 author = {Jiang, Junchen and Sekar, Vyas and Zhang, Hui},
 title = "{Improving Fairness, Efficiency, and Stability in HTTP-based Adaptive Video Streaming with FESTIVE}",
 booktitle = {Proceedings of the 8th International Conference on Emerging Networking Experiments and Technologies},
 series = {CoNEXT '12},
 year = {2012},
 isbn = {978-1-4503-1775-7},
 pages = {97--108},
 numpages = {12},
 url = {http://doi.acm.org/10.1145/2413176.2413189},
 doi = {10.1145/2413176.2413189},
 acmid = {2413189},
 publisher = {ACM},
 keywords = {DASH, HTTP, adaptation, video},
} 

@inproceedings{UntoldMiddleBoxStory,
 author = {Wang, Zhaoguang and Qian, Zhiyun and Xu, Qiang and Mao, Zhuoqing and Zhang, Ming},
 title = {An Untold Story of Middleboxes in Cellular Networks},
 booktitle = {Proceedings of the ACM SIGCOMM 2011 Conference},
 series = {SIGCOMM '11},
 year = {2011},
 isbn = {978-1-4503-0797-0},
 pages = {374--385},
 numpages = {12},
 url = {http://doi.acm.org/10.1145/2018436.2018479},
 doi = {10.1145/2018436.2018479},
 acmid = {2018479},
 publisher = {ACM},
 keywords = {cellular data network, firewall, middlebox, nat, tcp performance},
} 
@inproceedings{BBA,
 author = {Huang, Te-Yuan and Johari, Ramesh and McKeown, Nick and Trunnell, Matthew and Watson, Mark },
 title = "{A Buffer-Based Approach to Rate Adaptation: Evidence from a Large Video Streaming Service}",
 booktitle = {Proceedings of the ACM SIGCOMM 2014 Conference on SIGCOMM},
 series = {SIGCOMM '14},
 year = {2014},
 publisher = {ACM},
} 

@inproceedings{QDASH,
 author = {Mok, Ricky K. P. and Luo, Xiapu and Chan, Edmond W. W. and Chang, Rocky K. C.},
 title = "{QDASH: A QoE-aware DASH System}",
 booktitle = {Proceedings of the 3rd Multimedia Systems Conference},
 series = {MMSys '12},
 year = {2012},
 isbn = {978-1-4503-1131-1},
 location = {Chapel Hill, North Carolina},
 pages = {11--22},
 numpages = {12},
 url = {http://doi.acm.org/10.1145/2155555.2155558},
 doi = {10.1145/2155555.2155558},
 acmid = {2155558},
 publisher = {ACM},
 address = {New York, NY, USA},
 keywords = {Dynamic Adaptive Streaming over HTTP, H.264/AVC, QoE, available bandwidth, quality adaptation},
} 
@inproceedings{VideoMeasureatt,
 author = {Erman, Jeffrey and Gerber, Alexandre and Ramadrishnan, K. K. and Sen, Subhabrata and Spatscheck, Oliver},
 title = "{Over the Top Video: The Gorilla in Cellular Networks}",
 booktitle = {Proceedings of the 2011 ACM SIGCOMM Conference on Internet Measurement Conference},
 series = {IMC '11},
 year = {2011},
 isbn = {978-1-4503-1013-0},
 location = {Berlin, Germany},
 pages = {127--136},
 numpages = {10},
 url = {http://doi.acm.org/10.1145/2068816.2068829},
 doi = {10.1145/2068816.2068829},
 acmid = {2068829},
 publisher = {ACM},
 address = {New York, NY, USA},
 keywords = {network optimization},
} 
@inproceedings{ATTVIDEO,
  title="{Understanding the Impact of Network Dynamics on Mobile Video User Engagement}",
  author={Shafiq, M Zubair and Erman, Jeffrey and Ji, Lusheng and Liu, Alex X and Pang, Jeffrey and Wang, Jia},
 series = {SIGMETRICS '14},
 year = {2014},
}

@ARTICLE{LASTMILE, 
author={Fengyuan Ren and Chuang Lin}, 
journal={Mobile Computing, IEEE Transactions on}, 
title="{Modeling and Improving TCP Performance over Cellular Link with Variable Bandwidth}", 
year={2011}, 
month={Aug}, 
volume={10}, 
number={8}, 
pages={1057-1070}, 
doi={10.1109/TMC.2010.234}, 
ISSN={1536-1233},
}

@article{Dummynet,
 author = {Rizzo, Luigi},
 title = "{Dummynet: A Simple Approach to the Evaluation of Network Protocols}",
 journal = {SIGCOMM Comput. Commun. Rev.},
 issue_date = {Jan. 1997},
 volume = {27},
 number = {1},
 month = jan,
 year = {1997},
 issn = {0146-4833},
 pages = {31--41},
 numpages = {11},
 url = {http://doi.acm.org/10.1145/251007.251012},
 doi = {10.1145/251007.251012},
 acmid = {251012},
 publisher = {ACM},
 keywords = {TCP/IP, protocol evalutation, simulation},
} 

@ARTICLE{PFINFOCOM, 
author={Borst, S.}, 
journal={Networking, IEEE/ACM Transactions on}, 
title="{User-level performance of channel-aware scheduling algorithms in wireless data networks}", 
year={2005}, 
month={June}, 
volume={13}, 
number={3}, 
pages={636-647}, 
doi={10.1109/TNET.2005.850215}, 
ISSN={1063-6692},}

@inproceedings{OnOff,
 author = {Rao, Ashwin and Legout, Arnaud and Lim, Yeon-sup and Towsley, Don and Barakat, Chadi and Dabbous, Walid},
 title = "{Network Characteristics of Video Streaming Traffic}",
 booktitle = {Proceedings of the Seventh COnference on Emerging Networking EXperiments and Technologies},
 series = {CoNEXT '11},
 year = {2011},
 isbn = {978-1-4503-1041-3},
 pages = {25:1--25:12},
 articleno = {25},
 numpages = {12},
 url = {http://doi.acm.org/10.1145/2079296.2079321},
 doi = {10.1145/2079296.2079321},
 acmid = {2079321},
 publisher = {ACM},
 keywords = {Flash, HTML5, Netflix, Silverlight, YouTube, streaming strategies, video streaming},
} 
@inproceedings {Trickle,
author = {Monia Ghobadi and Yuchung Cheng and Ankur Jain and Matt Mathis},
title = "{Trickle: Rate Limiting YouTube Video Streaming}",
booktitle = {Presented as part of the 2012 USENIX Annual Technical Conference (USENIX ATC 12)},
year = {2012},
isbn = {978-931971-93-5},
address = {Boston, MA},
pages = {191--196},
url = {https://www.usenix.org/conference/atc12/technical-sessions/presentation/ghobadi},
publisher = {USENIX},
}

@inproceedings{VideoMeasurement,
 author = {Jiang, Junchen and Sekar, Vyas and Stoica, Ion and Zhang, Hui},
 title = "{Shedding Light on the Structure of Internet Video Quality Problems in the Wild}",
 booktitle = {Proceedings of the Ninth ACM Conference on Emerging Networking Experiments and Technologies},
 series = {CoNEXT '13},
 year = {2013},
 isbn = {978-1-4503-2101-3},
 pages = {357--368},
 numpages = {12},
 url = {http://doi.acm.org/10.1145/2535372.2535394},
 doi = {10.1145/2535372.2535394},
 acmid = {2535394},
 publisher = {ACM},
 keywords = {measurement, performance},
} 
@inproceedings{Avis,
 author = {Chen, Jiasi and Mahindra, Rajesh and Khojastepour, Mohammad Amir and Rangarajan, Sampath and Chiang, Mung},
 title = "{A Scheduling Framework for Adaptive Video Delivery over Cellular Networks}",
 booktitle = {Proceedings of the 19th Annual International Conference on Mobile Computing \& Networking},
 series = {MobiCom '13},
 year = {2013},
 isbn = {978-1-4503-1999-7},
 pages = {389--400},
 numpages = {12},
 url = {http://doi.acm.org/10.1145/2500423.2500433},
 doi = {10.1145/2500423.2500433},
 acmid = {2500433},
 publisher = {ACM},
 keywords = {QoE, adaptive streaming, cellular networks, proportional fairness},
}
@inproceedings{PANE,
 author = {Ferguson, Andrew D. and Guha, Arjun and Liang, Chen and Fonseca, Rodrigo and Krishnamurthi, Shriram},
 title = "{Participatory Networking: An API for Application Control of SDNs}",
 booktitle = {Proceedings of the ACM SIGCOMM 2013 Conference on SIGCOMM},
 series = {SIGCOMM '13},
 year = {2013},
 isbn = {978-1-4503-2056-6},
 pages = {327--338},
 numpages = {12},
 url = {http://doi.acm.org/10.1145/2486001.2486003},
 doi = {10.1145/2486001.2486003},
 acmid = {2486003},
 publisher = {ACM},
 keywords = {openflow, participatory networking, software-defined networks},
} 
@INPROCEEDINGS{INFOBOX, 
author={Narayan, S. and Bailey, S. and Daga, A}, 
booktitle={High Performance Computing, Networking, Storage and Analysis (SCC), 2012 SC Companion:}, 
title="{Hadoop Acceleration in an OpenFlow-Based Cluster}", 
year={2012}, 
month={Nov}, 
pages={535-538}, 
doi={10.1109/SC.Companion.2012.76},}

@inproceedings{Qava,
 author = {Chen, Jiasi and Ghosh, Amitabha and Magutt, Josphat and Chiang, Mung},
 title = "{QAVA: Quota Aware Video Adaptation}",
 booktitle = {Proceedings of the 8th International Conference on Emerging Networking Experiments and Technologies},
 series = {CoNEXT '12},
 year = {2012},
 isbn = {978-1-4503-1775-7},
 pages = {121--132},
 numpages = {12},
 url = {http://doi.acm.org/10.1145/2413176.2413191},
 doi = {10.1145/2413176.2413191},
 acmid = {2413191},
 publisher = {ACM},
 keywords = {data quota, video rate adaptation, video streaming},
} 

@inproceedings{LTEMeas,
 author = {Huang, Junxian and Qian, Feng and Guo, Yihua and Zhou, Yuanyuan and Xu, Qiang and Mao, Z. Morley and Sen, Subhabrata and Spatscheck, Oliver},
 title = "{An In-depth Study of LTE: Effect of Network Protocol and Application Behavior on Performance}",
 booktitle = {Proceedings of the ACM SIGCOMM 2013 Conference on SIGCOMM},
 series = {SIGCOMM '13},
 year = {2013},
 isbn = {978-1-4503-2056-6},
 pages = {363--374},
 numpages = {12},
 url = {http://doi.acm.org/10.1145/2486001.2486006},
 doi = {10.1145/2486001.2486006},
 acmid = {2486006},
 publisher = {ACM},
 keywords = {4g, bandwidth estimation, lte, resource underutilization, tcp performance},
} 
@inproceedings{InfoCom14,
  title="{Exploiting mobility in proportional fair cellular scheduling: Measurements and algorithms}",
  author={Margolies, Robert and Sridharan, Ashwin and Aggarwal, Vaneet and Jana, Rittwik and Shankaranarayanan, NK and Vaishampayan, Vinay A and Zussman, Gil},
  series = {INFOCOM '14},
 year = {2014},

}
@inproceedings{Sprout,
 author = {Winstein, Keith and Sivaraman, Anirudh and Balakrishnan, Hari},
 title = "{Stochastic Forecasts Achieve High Throughput and Low Delay over Cellular Networks}",
 booktitle = {Proceedings of the 10th USENIX Conference on Networked Systems Design and Implementation},
 series = {nsdi'13},
 year = {2013},
 pages = {459--472},
 numpages = {14},
 url = {http://dl.acm.org/citation.cfm?id=2482626.2482670},
 acmid = {2482670},
 publisher = {USENIX Association},
} 

@miscellaneous{Embrane,
note={\url{http://www.embrane.com}}
}
@miscellaneous{openvswitch,
	note={\url{http://openvswitch.org}}
}

@miscellaneous{Barracuda,
note={\url{https://www.barracuda.com}} 
}
@miscellaneous{SecurityMarketResearch,
note={\url{http://www.abiresearch.com/market-research/product/1006059-world-enterprise-network-and-data-security}}
}
@miscellaneous{LTENetwork,
note={\url{http://www.3gpp.org/technologies/keywords-acronyms/98-lte}}
}
@miscellaneous{DASH,
note={\url{http://dashif.org/mpeg-dash/}}
}
@miscellaneous{NETFLIXRATE,
note={\url{http://www.tech-recipes.com/rx/7854/netflix-movie-player-use-keyboard-shortcuts-when-viewing-watch-instantly-videos/}}
}
